<record><leader>00000cas a2200000 a 4500</leader><controlfield tag="001">13294279</controlfield><controlfield tag="008">860314d19841998ncudr ne      0   a0eng d</controlfield><datafield ind1=" " ind2=" " tag="010"><subfield code="a">sn 89006365 </subfield></datafield><datafield ind1=" " ind2=" " tag="040"><subfield code="a">NCS</subfield><subfield code="b">eng</subfield><subfield code="c">NCS</subfield><subfield code="d">NSD</subfield><subfield code="d">NVJ</subfield><subfield code="d">NSD</subfield><subfield code="d">NVJ</subfield><subfield code="d">OCLCQ</subfield></datafield><datafield ind1=" " ind2=" " tag="012"><subfield code="m">1</subfield></datafield><datafield ind1="1" ind2=" " tag="022"><subfield code="a">1043-1950</subfield><subfield code="l">1043-1950</subfield><subfield code="2">1</subfield></datafield><datafield ind1="1" ind2=" " tag="029"><subfield code="a">AU@</subfield><subfield code="b">000008982757</subfield></datafield><datafield ind1="1" ind2=" " tag="029"><subfield code="a">AU@</subfield><subfield code="b">000053346720</subfield></datafield><datafield ind1="1" ind2=" " tag="029"><subfield code="a">NZ1</subfield><subfield code="b">16076640</subfield></datafield><datafield ind1=" " ind2=" " tag="032"><subfield code="a">492500</subfield><subfield code="b">USPS</subfield></datafield><datafield ind1=" " ind2=" " tag="037"><subfield code="b">The Shelby Star, 315 E. Graham St., Shelby, NC 28150</subfield></datafield><datafield ind1=" " ind2=" " tag="042"><subfield code="a">msc</subfield><subfield code="a">nsdp</subfield></datafield><datafield ind1=" " ind2="4" tag="222"><subfield code="a">The Shelby star</subfield></datafield><datafield ind1="0" ind2="4" tag="245"><subfield code="a">The Shelby star.</subfield></datafield><datafield ind1=" " ind2=" " tag="260"><subfield code="a">Shelby, N.C. :</subfield><subfield code="b">Shelby Newspapers</subfield></datafield><datafield ind1=" " ind2=" " tag="300"><subfield code="a">v. :</subfield><subfield code="b">ill. ;</subfield><subfield code="c">58 cm.</subfield></datafield><datafield ind1=" " ind2=" " tag="310"><subfield code="a">Daily,</subfield><subfield code="b">Aug. 4, 1991-Feb. 14, 1998</subfield></datafield><datafield ind1=" " ind2=" " tag="321"><subfield code="a">Daily (except Sunday),</subfield><subfield code="b">Apr. 2, 1984-Aug. 3, 1991</subfield></datafield><datafield ind1="0" ind2=" " tag="362"><subfield code="a">Vol. 90, no. 79 (Apr. 2, 1984)-v. 105, no. 45 (Feb. 14, 1998).</subfield></datafield><datafield ind1=" " ind2=" " tag="500"><subfield code="a">Independent Democratic.</subfield></datafield><datafield ind1=" " ind2=" " tag="588"><subfield code="a">Latest issue consulted: Vol. 96, no. 19 (Jan. 23, 1989).</subfield></datafield><datafield ind1=" " ind2=" " tag="752"><subfield code="a">United States</subfield><subfield code="b">North Carolina</subfield><subfield code="c">Cleveland</subfield><subfield code="d">Shelby.</subfield></datafield><datafield ind1="0" ind2="0" tag="780"><subfield code="t">Shelby daily star</subfield><subfield code="w">(DLC)sn 85042185</subfield><subfield code="w">(OCoLC)11888889</subfield></datafield><datafield ind1="0" ind2="0" tag="785"><subfield code="t">Star (Shelby, N.C.)</subfield><subfield code="w">(DLC)sn 97064614</subfield></datafield></record>